<?xml version="1.0" encoding="UTF-8"?><record xmlns="http://www.loc.gov/MARC21/slim" xmlns:cinclude="http://apache.org/cocoon/include/1.0" xmlns:zs="http://www.loc.gov/zing/srw/">
  <leader>00463nz  a2200145n  4500</leader>
  <controlfield tag="001">no2008147568</controlfield>
  <controlfield tag="003">DLC</controlfield>
  <controlfield tag="005">20081010081821.0</controlfield>
  <controlfield tag="008">081008n| acannaabn          |n ana     c</controlfield>
  <datafield tag="010" ind1=" " ind2=" ">
    <subfield code="a">no2008147568</subfield>
  </datafield>
  <datafield tag="035" ind1=" " ind2=" ">
    <subfield code="a">(OCoLC)oca07901663</subfield>
  </datafield>
  <datafield tag="040" ind1=" " ind2=" ">
    <subfield code="a">TxU-Mu</subfield>
    <subfield code="b">eng</subfield>
    <subfield code="c">TxU-Mu</subfield>
  </datafield>
  <datafield tag="110" ind1="2" ind2=" ">
    <subfield code="a">Inka Wayra (Musical group)</subfield>
  </datafield>
  <datafield tag="670" ind1=" " ind2=" ">
    <subfield code="a">Its Music of the Andes [SR] p1998:</subfield>
    <subfield code="b">label (Inka Wayra)</subfield>
  </datafield>
  <datafield tag="670" ind1=" " ind2=" ">
    <subfield code="a">Inka Wayra WWW site, Oct. 8, 2008</subfield>
    <subfield code="b">(Inka Wayra began in 1997 in San Antonio, Texas)</subfield>
  </datafield>
</record>